@article{chalupka2018fast,
	title={Fast conditional independence test for vector variables with large sample sizes},
	author={Chalupka, Krzysztof and Perona, Pietro and Eberhardt, Frederick},
	journal={arXiv preprint arXiv:1804.02747},
	year={2018}
}



@article{sachs2005causal,
  title={Causal protein-signaling networks derived from multiparameter single-cell data},
  author={Sachs, Karen and Perez, Omar and Pe'er, Dana and Lauffenburger, Douglas A. and Nolan, Garry P.},
  journal={Science},
  volume={308},
  number={5721},
  pages={523--529},
  year={2005},
  publisher={American Association for the Advancement of Science}
}