@article{perturbseq,
  title={Perturb-Seq: dissecting molecular circuits with scalable single-cell RNA profiling of pooled genetic screens},
  author={Dixit, Atray and Parnas, Oren and Li, Biyu and Chen, Jenny and Fulco, Charles P and Jerby-Arnon, Livnat and Marjanovic, Nemanja D and Dionne, Danielle and Burks, Tyler and Raychowdhury, Raktima and others},
  journal={Cell},
  volume={167},
  number={7},
  pages={1853--1866},
  year={2016},
  publisher={Elsevier}
}
